<?xml version="1.0" encoding="UTF-8"?><collection xmlns="http://www.loc.gov/MARC21/slim"><record><leader>00525nam--2200145-i-4500</leader><controlfield tag="001">000010974</controlfield><controlfield tag="002">20161230</controlfield><controlfield tag="005">20170305191942</controlfield><controlfield tag="008">060222s1000------------r-----000-0-eng-d</controlfield><datafield ind1=" " ind2=" " tag="100"><subfield code="a">Caratu, G</subfield></datafield><datafield ind1=" " ind2=" " tag="245"><subfield code="a">Homogeneous canonical transformations in phase space: on necessary conditions for the existen ce of sypletic actions of simple lie groups on differentiable manifolds</subfield></datafield><datafield ind1=" " ind2=" " tag="260"><subfield code="a">Napoli</subfield><subfield code="b">Instituto Din Fisica Teoretica Dell Un Iversita</subfield><subfield code="c">[1974]</subfield></datafield><datafield ind1=" " ind2=" " tag="300"><subfield code="a">19 p</subfield></datafield><datafield ind1=" " ind2=" " tag="852"><subfield code="a">530.1(047.1)</subfield></datafield><datafield ind1=" " ind2=" " tag="CAT"><subfield code="a">SYS</subfield><subfield code="c">20170305</subfield><subfield code="h">191942</subfield></datafield></record></collection>